@misc{gitlab,
    title = "GitHub: Code Repository",
    url  = "https://github.com/mth0348/info-seminar"
}

@misc{online:example,
    author = "{Jamie Wong}",
    title = "Ray Marching and Signed Distance Functions",
    year = "2016",
    howpublished = "\url{http://jamie-wong.com/2016/07/15/ray-marching-signed-distance-functions/}",
    note="[Online; accessed April 3, 2020]"
}